1958 3087
668 153 1173 218 JUGURTHA.
1529 175 1652 222 'tot
1719 204 1723 209 -

199 273 446 332 tentare,
487 257 736 339 bellique
777 261 932 338 quod
975 258 1401 319 administrabat
1437 266 1662 340 asperi<

196 365 366 412 tatem
406 353 704 412 ostendere
741 358 940 431 coepit3
986 355 1205 435 animus
1240 373 1384 433 aeger
1420 348 1655 414 avaritia

187 441 360 504 facile
387 456 699 506 conversus!
719 461 822 507 est.
856 450 1114 508 Ceterum
1151 448 1341 506 socius
1380 462 1435 506 et
1472 448 1652 507 admi-

178 541 369 609 ⁸nister
390 545 639 599 omnium
659 542 1026 600 consiliorum
1044 544 1355 601 adsumitur
1371 541 1615 600 Scaurus
1637 562 1656 599 ι·

194 638 322 713 qui,
345 637 565 692 tametsi
595 635 625 691 a
651 636 968 712 principio,
992 636 1275 713 plerisque
1293 656 1376 717 ,gx
1408 634 1655 693 factione

194 727 316 799 ejus
341 726 650 804 corruptis,
675 732 962 795 acerrume
985 750 1174 807 regem
1194 733 1655 806 impugnaverat,

188 827 379 878 lamen
402 820 785 897 magnitudine
803 825 1057 898 pecuniae
1080 824 1109 879 ἐι
1127 823 1281 881 bonu
1300 824 1662 900 honestoque

128 942 136 957 ·
194 915 251 971 in
274 933 505 990 pravum
526 913 839 973 abstractus
860 931 961 973 est.
983 916 1094 972 Sed
1114 916 1390 993 Jugurtha
1408 918 1655 993 primum-

189 1008 587 1067 iantummodo
628 1007 764 1069 belli
804 1029 1021 1067 moram
1057 1008 1653 1083 redimebahcxistu-

188 1121 350 1161 {maus
392 1121 512 1158 sese
554 1101 765 1178 aliquid
810 1098 1033 1159 interim
1071 1104 1257 1161 Romae
1298 1103 1511 1181 preti0,
1555 1111 1655 1161 aut

188 1196 399 1273 gratia,
432 1194 759 1252 effecturum
786 1219 799 1251 ε
823 1198 1023 1272 postea
1051 1197 1186 1253 vero
1217 1197 1386 1273 quam
1414 1195 1641 1273 partici-

189 1309 316 1366 pem
342 1280 550 1366 neg'otii
579 1288 852 1347 Scaurum
880 1301 1212 1366 acceperat,
1244 1293 1301 1347 in
1332 1309 1649 1347 maxumam

190 1379 345 1458 spein
370 1382 648 1443 adductus
669 1384 1068 1458 recuperandae
1090 1384 1282 1458 pacis,
1306 1387 1496 1440 statuit
1521 1404 1646 1440 cum

188 1476 270 1533 eis
292 1477 363 1533 de
385 1476 645 1533 omnibus
666 1475 1029 1553 pactionibus
1050 1495 1292 1553 praesens
1323 1496 1507 1554 agere.
1543 1478 1649 1531 Ce-

185 1572 368 1628 terum
387 1570 628 1643 interea,
654 1570 783 1625 fidei
818 1571 1014 1626 caussfi
1032 1611 1049 1643 ,
1081 1572 1317 1625 mittitur
1347 1570 1377 1624 a
1416 1572 1664 1627 consule

183 1662 412 1721 Sextius
433 1675 673 1739 quaestor
694 1662 751 1718 in
771 1662 1048 1738 oppidum
1068 1663 1100 1718 J
1107 1662 1355 1739 ugurthae
1401 1659 1613 1736 Vagam
1631 1683 1651 1730 ς

186 1753 351 1827 cujus
373 1757 456 1812 rei
479 1743 698 1831 speeies
725 1767 843 1812 erat
887 1755 1146 1831 acceptio
1192 1754 1454 1814 frumenti
1492 1756 1648 1832 quod

185 1847 524 1925 Calpurnius
541 1848 728 1925 palam
747 1848 947 1925 legatis
967 1851 1336 1923 imperaverat
1347 1851 1650 1927 ,quoniam

182 1942 492 2002 deditionis
515 1945 671 1999 mora
694 1942 934 1998 induciae
956 1941 1330 2014 agitabantur.

276 2039 456 2110 Igitur
475 2055 573 2092 rex
589 2077 605 2109 ,
631 2029 709 2090 uti
734 2038 1129 2109 constituerat,
1159 2038 1217 2090 in
1249 2046 1430 2092 castra
1452 2031 1605 2092 uenit
1629 2058 1650 2094 τ

179 2150 251 2188 ac
276 2148 460 2206 pauca
476 2170 492 2202 ,
512 2130 770 2204 praesenti
793 2129 1065 2202 consilio,
1091 2131 1316 2185 locutus
1338 2129 1409 2184 de
1433 2130 1645 2192 invidia
1700 2132 1716 2150 ’

178 2223 318 2281 facti
344 2225 458 2296 sui,
485 2236 650 2302 atque
680 2225 737 2278 in
767 2222 1113 2280 deditionem
1145 2217 1223 2278 uti
1256 2224 1641 2297 acciperetur;

176 2316 398 2392 reliqua
423 2334 552 2374 cum
577 2316 762 2373 Bestia
784 2325 838 2372 et
860 2315 1075 2372 Scauro
1100 2328 1315 2373 secreta
1347 2316 1600 2391 transigit
1629 2337 1642 2373 ε
1680 2301 1688 2313 ’

177 2398 313 2467 dein
338 2420 568 2485 postero
598 2409 721 2482 die,
754 2412 912 2485 quasi
946 2428 1046 2484 per
1075 2419 1319 2465 saturam
1349 2408 1646 2485 exquisitis

179 2502 502 2584 sententiis,
541 2505 601 2559 in
640 2501 989 2561 deditionem
1030 2503 1331 2576 accipitur.
1375 2500 1517 2574 Sed,
1562 2496 1647 2562 uti

176 2614 289 2673 pro
337 2594 578 2653 consilio
624 2598 957 2672 imperatum
982 2636 999 2669 ,
1043 2587 1329 2671 elephanti
1368 2592 1595 2670 'triginta
1624 2636 1644 2665 ,

177 2708 360 2768 pecus
401 2702 573 2767 atque
608 2689 737 2770 equi
778 2690 984 2765 multi,
1025 2706 1155 2748 cum
1199 2707 1379 2772 parvo
1423 2689 1648 2767 argenti

1296 2794 1353 2848 9.
