1958 3087
214 181 369 261 .7s
660 150 681 169 ²
769 162 1267 240 sALLUsri1

289 284 446 360 regni
491 295 648 356 sunt,
690 286 882 343 verum
926 284 1123 359 amici,
1167 280 1311 362 quos
1353 304 1533 360 neque
1576 289 1753 347 armis

290 396 520 452 cogere,
541 397 722 454 neque
742 396 878 435 auro
901 398 1100 455 parare
1120 398 1293 455 queas
1317 401 1329 436 z
1351 367 1540 438 officio
1559 392 1613 438 et
1632 381 1750 441 fide

286 469 600 546 pariuntur.
646 471 788 545 Quis
832 464 1292 530 autemamicior
1352 475 1522 550 quam
1575 473 1782 547 frater,

290 558 484 620 fratri?
505 576 599 621 aut
618 583 784 641 quem
805 567 1051 622 alienum
1073 567 1247 622 fidum
1268 570 1548 639 iuvenieS,
1570 568 1614 625 si
1636 568 1750 627 tuis

286 654 466 718 hostis
490 650 697 715 fueris?
716 659 991 735 Equidem
1014 678 1121 737 ego
1141 658 1304 717 vobis
1325 680 1560 737 regnum
1580 662 1752 720 trado

284 751 539 825 firmum,
572 750 617 809 si
648 750 781 809 boni
813 751 999 823 eritis3
1040 756 1126 811 sin
1165 745 1331 826 mali,
1362 751 1752 810 imbecillum=

291 862 423 901 nam
459 847 771 903 concordia
799 866 985 924 parvae
1011 867 1104 904 res
1134 857 1423 918 crescunt,
1454 838 1752 904 discordia
1805 880 1824 895 ·

287 957 560 996 maxumae
605 939 951 998 dilabuntur.
1009 940 1266 997 Ceterum
1321 952 1447 996 ante
1496 939 1601 996 hos
1649 952 1706 997 te
1728 980 1749 1014 ‚

286 1031 721 1110 Jugurtha,qui
753 1045 910 1091 aetate
940 1045 995 1091 et
1034 1032 1307 1110 sapientia
1347 1032 1505 1110 prior
1545 1052 1635 1107 οε,
1675 1052 1751 1090 ne

288 1127 451 1183 aliter
485 1127 622 1202 quid
661 1126 881 1184 eveniat
918 1127 1218 1202 providere
1257 1127 1461 1184 decet:
1488 1145 1644 1200 nam,
1689 1126 1752 1181 in

285 1220 441 1276 omni
484 1221 818 1294 certamine,
861 1220 956 1299 qui
997 1222 1320 1296 opulentior
1358 1232 1473 1295 est,
1505 1220 1672 1277 etiam
1704 1222 1751 1276 si

287 1314 502 1388 accipit
531 1309 822 1387 iniuriam,
855 1317 986 1390 quia
1016 1315 1146 1391 plus
1174 1326 1393 1391 potest,
1437 1314 1620 1372 facete
1661 1315 1752 1369 vi-

287 1404 471 1461 detur.
485 1406 607 1464 Vos
621 1419 830 1480 autem
846 1406 1130 1464 Adherbal
1144 1421 1198 1464 et
1219 1408 1534 1512 Hiempsal,
1551 1409 1750 1481 colite,

287 1498 584 1558 observate
597 1499 765 1559 talem
779 1502 928 1561 hunc
943 1502 1146 1574 virum3
1162 1490 1456 1559 imitamini
1468 1501 1751 1576 virtutem,

288 1604 344 1650 et
374 1593 651 1651 enitimini
687 1616 754 1653 ne
788 1617 894 1675 ego
930 1598 1194 1654 meliores
1236 1597 1446 1655 liberos
1489 1595 1753 1674 sumsisse

287 1687 510 1765 videar,
535 1691 703 1765 quam
726 1693 1065 1765 genuisse.»

168 1728 363 1862 &s
384 1781 495 1839 XI.
542 1782 639 1840 An
681 1804 746 1841 ea
786 1784 1094 1861 Jugurtha,
1134 1782 1352 1839 tametsi
1391 1799 1580 1855 regem
1620 1781 1754 1838 ficta

285 1877 546 1936 locutum
564 1878 955 1953 intellegebat,
982 1890 1035 1933 et
1056 1877 1174 1952 ipse
1192 1878 1364 1955 longe
1383 1877 1545 1932 aliter
1564 1877 1755 1950 animo

289 1970 562 2048 agitabat,
577 1982 763 2027 tamen
776 1988 880 2045 pro
897 1978 1155 2045 tempore
1173 1970 1415 2045 benigne
1437 1969 1753 2045 respondit.

286 2063 537 2137 Micipsa
555 2062 754 2137 paucis
782 2061 982 2118 diebus
1015 2065 1270 2121 moritur.
1303 2064 1603 2139 Postquam
1638 2063 1754 2135 illi,

285 2174 446 2214 more
467 2156 658 2232 regio,
691 2152 836 2225 justa
870 2154 1178 2231 magnifice.
1194 2154 1474 2227 fecerant,
1495 2156 1670 2232 reguli
1699 2159 1753 2211 in

285 2268 464 2308 ,unum
477 2251 818 2333 convenere,
833 2245 914 2306 uti
933 2248 1079 2305 inter
1100 2268 1158 2305 se
1181 2247 1252 2304 de
1277 2249 1498 2304 cunctis
1510 2249 1754 2322 negotiis

198 2411 206 2418 ,
239 2389 243 2394 .
287 2344 692 2420 disceptarent.
727 2342 840 2403 Sed
870 2344 1191 2419 Hiempsal,
1223 2343 1320 2418 qui
1360 2339 1647 2399 minumus.
1683 2360 1754 2396 ex
1841 2354 1859 2364 “

287 2436 434 2512 illis,
466 2433 664 2496 ηαῑιιτέἱ
697 2436 888 2512 ferox,
927 2436 1098 2495 etiam
1138 2434 1303 2494 antea
1340 2424 1780 2541 ignobilitatem,

285 2530 576 2622 Juurthae
614 2530 790 2614 (quia
829 2546 1085 2598 materno
1127 2548 1331 2609 genere
1374 2528 1558 2605 impar
1599 2527 1752 2606 erat)

287 2625 648 2706 deficiens,
701 2628 901 2685 dextra
945 2624 1326 2684 Adherbalem
1375 2620 1633 2698 adsedit,
1687 2641 1754 2678 ue

285 2719 510 2779 medius
538 2740 608 2779 ex
634 2719 814 2781 tribus
830 2765 850 2799 ,
879 2721 1036 2802 quod
1066 2720 1219 2799 apud
1247 2717 1522 2782 Numidas
1554 2664 1754 2776 ho’noii

254 2933 301 2969 ἰ..
