1958 3087
269 123 482 216 1¹24·
792 85 1294 182 sA‘LLUsru

299 234 562 287 montem*
592 246 722 286 cum
759 229 915 305 omni
957 212 1210 303 equitatu
1251 224 1473 302 pedites
1521 224 1788 285 dilectos
1832 266 1839 280 .

300 323 573 381 collocat.
592 322 736 378 Dein
755 323 1006 400 singulas
1024 331 1236 391 turmas
1257 333 1426 398 atque
1444 318 1784 403 manipulos

299 416 642 476 circumiens
671 426 862 473 monet
891 426 1059 493 atque
1090 416 1403 473 obtestatur
1444 436 1475 469 «
1501 409 1615 488 uti,
1650 436 1781 474 me-

298 530 484 569 mores
508 508 755 586 pristinae
782 511 1006 568 virtutis
1034 519 1091 566 et
1120 508 1400 585 victoriae,
1433 527 1606 585 seque
1637 529 1779 588 reg-

297 624 545 681 numque
578 623 740 661 suum
779 604 849 663 ab
883 605 1264 662 Romanorum
1302 601 1537 660 avaritia
1571 603 1778 661 desen·-

243 722 248 729 ·
296 699 465 770 daut3
500 694 630 756 cum
651 698 739 755 his
770 712 1056 756 certamen
1080 697 1200 756 fore
1222 717 1367 774 quos
1388 696 1555 755 antea
1579 696 1778 758 victos

296 794 403 855 sub
421 792 616 870 jugum
641 792 923 864 miserint3
948 792 1156 852 ducem
1174 792 1318 867 illi-s,
1343 810 1460 849 non
1481 790 1741 849 animum
1754 835 1776 874 ².

294 898 574 945 mutatum-
592 909 616 961 ;v
630 908 751 966 quae
772 888 845 946 ab
867 886 1206 966 imperatore
1224 886 1522 945 decuerint
1535 928 1553 962 ‚
1574 889 1777 945 omnia*

297 981 413 1040 suis
435 981 696 1059 provisa;
718 983 914 1041 locum
935 981 1316 1060 superiorem„
1346 976 1425 1037 uti
1455 981 1772 1058 prudentes

295 1095 429 1147 cum
452 1072 762 1153 imperitis,
783 1097 852 1135 ne
874 1077 1177 1154 pauciores
1201 1094 1332 1133 cum
1354 1074 1612 1153 pluribus
1625 1117 1643 1151 ‚
1670 1086 1773 1155 aut

292 1169 464 1228 rudes
489 1190 618 1227 cum
640 1168 794 1227 bello
821 1171 1184 1243 melioribus,
1223 1189 1453 1235 manum
1495 1189 1768 1229 consere-

292 1275 450 1324 rent.·
471 1262 717 1321 Proinde
756 1265 941 1342 parati
984 1265 1296 1345 intentique
1338 1284 1555 1340 essem,
1599 1250 1770 1342 signo

292 1358 428 1416 dato
443 1398 460 1432 ,
479 1359 766 1416 Romanos
782 1357 1052 1418 invadere
1074 1381 1089 1417 ε
1111 1358 1271 1416 illum
1290 1344 1442 1418 diem
1459 1348 1557 1433 aui
1577 1357 1769 1416 omnis
1792 1368 1799 1373 “

229 1459 234 1465 ’
292 1452 518 1511 labores
542 1463 596 1511 et
616 1453 885 1512 victorias
910 1453 1404 1529 confirmaturum,
1437 1464 1534 1511 aut
1562 1473 1770 1510 maxu-

291 1567 510 1606 marum
532 1561 899 1608 aerumnarum
923 1552 1146 1608 initium
1164 1549 1306 1610 fore.
1329 1571 1360 1605 »
1388 1547 1474 1606 Ad
1494 1548 1603 1605 hoc
1620 1548 1769 1606 viri-

291 1638 425 1718 tim,
460 1640 540 1701 uti
571 1665 850 1724 quemque
882 1644 958 1703 oh
979 1648 1229 1704 militare
1263 1642 1482 1702 facinus
1514 1644 1769 1722 pecunia

287 1748 390 1804 aut
411 1737 628 1796 honore
651 1743 959 1813 extulerat,
986 1735 1477 1799 commonefacere
1498 1736 1766 1796 beneficii
1842 1760 1845 1764 ⁴

294 1833 382 1891 sui
423 1843 480 1890 et
520 1852 648 1891 eum
689 1832 877 1910 ipsum
915 1832 1043 1892 aliis
1084 1845 1399 1906 ostentar03
1439 1833 1765 1912 postremo,

289 1945 399 2004 pro
424 1925 698 2005 cujusque
721 1927 982 2006 ingenio,
1014 1928 1381 2004 pollicendo,
1413 1925 1763 2001 minitando,

291 2021 633 2080 obtestando
648 2061 664 2094 ,
688 2022 863 2079 alium
885 2021 1000 2078 alio
1024 2021 1198 2082 modo
1221 2025 1495 2081 excitare.
1589 2036 1596 2047 ·

384 2114 526 2170 Ciun
565 2109 794 2171 interim
833 2114 1140 2188 MetelluS‚
1191 2114 1423 2193 ignarus
1472 2115 1719 2174 hostium
1742 2155 1762 2190 ,

288 2220 481 2266 monte
513 2207 852 2284 degrediens
882 2227 1015 2268 cum
1044 2211 1331 2285 exercitu,
1373 2210 1759 2286 conspicitur,

288 2301 475 2379 primo
518 2300 726 2361 dubius
767 2301 1040 2381 quidnam
1079 2300 1308 2376 insolita
1350 2303 1524 2362 facies
1563 2314 1759 2360 osten-

288 2396 451 2469 deret.
494 2393 518 2478 (
543 2415 672 2453 nam
721 2398 868 2456 inter
912 2398 1161 2477 virgulta
1210 2398 1343 2478 equi
1389 2394 1757 2474 Numidaeque

205 2516 217 2536 ι
289 2490 699 2567 consederant,
728 2511 911 2572 neque
936 2492 1109 2571 plane
1138 2490 1412 2556 occultati
1443 2489 1755 2549 humilitate

289 2584 554 2648 arborum
570 2625 587 2659 ,
610 2596 667 2644 et
687 2596 875 2646 tamen
897 2586 1100 2647 incerti
1122 2588 1396 2667 quidnam
1416 2597 1596 2659 esset;
1629 2587 1757 2643 cum

261 2673 489 2740 matura
509 2679 627 2739 loci
644 2721 661 2755 ,
685 2675 808 2744 tum‘
826 2681 967 2742 dolo
990 2682 1105 2763 ipsi,
1121 2667 1291 2763 atque
1311 2685 1473 2764 signa
1493 2681 1756 2743 militaria
