1958 3087
728 123 1216 189 JUGURTHA.
1617 132 1686 189 8ι

237 228 316 287 ad
340 237 619 286 certamen
641 227 822 302 venit,
847 215 1033 287 victu's
1056 249 1121 284 ex
1143 231 1336 305 paralio
1359 230 1608 307 profugit
1644 235 1697 288 in

240 319 591 400 provinciam
606 362 622 395 ,
644 340 709 377 ac
730 322 936 378 deinde
957 323 1188 397 Romam
1212 322 1521 379 contendit.

332 415 475 487 Tum
506 406 825 491 (Iugurtha,
869 415 1104 491 patratis
1147 417 1435 489 consiliis,
1481 419 1536 473 in
1578 416 1697 474 otio

238 507 458 583 facinus
489 527 648 564 suum
681 528 809 566 cum
831 511 1019 566 animo
1037 521 1333 586 reputauS,
1373 512 1568 566 timere
1586 530 1695 586 po·-

235 603 437 677 pulum
473 602 818 680 Romanum,
860 621 1043 679 neque
1082 602 1355 661 advorsus
1397 606 1534 659 iram
1574 600 1697 673 ejus

236 695 504 771 usquam,
529 694 634 751 nisi
674 694 731 751 in
769 696 1002 753 avaiitia
1034 695 1343 755 nobilitatis
1370 708 1426 753 et
1449 697 1695 772 pecunia
1754 752 1760 759 ,

236 787 378 862 sua,
410 807 565 864 spem
595 787 822 846 habere.
853 790 1048 866 Itaque
1085 792 1285 867 paucis
1327 789 1526 848 dicbus
1566 809 1697 847 cum

234 891 450 945 auioet
481 892 713 957 argento
752 885 928 940 multo
966 886 1198 940 Romam
1238 885 1452 989 lega-tos
1493 882 1693 956 mittit,

233 994 361 1050 quis
379 978 647 1051 praecepit
666 970 744 1032 uti
762 968 1007 1052 primum
1024 988 1239 1035 veteres
1262 976 1476 1034 amicos
1497 996 1695 1036 mune-
1750 1016 1765 1026 ο

172 1081 184 1093 ‘
231 1067 387 1127 ribus
420 1070 713 1145 expleant,
747 1068 954 1126 deinde
984 1090 1163 1127 novos
1194 1071 1521 1147 adquirant,
1556 1090 1694 1147 pos-

229 1161 410 1218 tremo
432 1181 778 1240 quaecunque
812 1166 1034 1240 possint
1066 1162 1365 1241 largiundo
1392 1183 1590 1240 parare
1623 1183 1693 1221 ne

230 1244 586 1315 cunctentur.
618 1255 731 1313 Sed
763 1257 857 1313 ubi
886 1259 1119 1315 Romam
1149 1258 1320 1336 legati
1346 1262 1582 1331 venere,
1605 1269 1691 1335 et,

229 1369 300 1406 ex
322 1361 606 1429 praecepto
623 1348 769 1427 regis
784 1392 801 1424 ,
822 1341 1171 1426 hospitibus,
1193 1351 1428 1428 aliisque
1452 1370 1693 1426 quorum

227 1447 294 1503 ea
324 1453 652 1519 tempestate
685 1447 990 1501 auctoritas
1021 1444 1303 1519 pollebat,
1332 1463 1535 1520 magna
1564 1463 1690 1501 mu-

228 1556 362 1593 nera
394 1535 623 1611 misere,
643 1549 797 1595 tanta
817 1534 1185 1596 commutatio
1215 1536 1475 1611 incessit,
1508 1532 1588 1594 uti
1619 1559 1692 1596 ex

227 1631 486 1690 maxuma
501 1629 781 1702 invidiain
802 1631 1038 1707 gratiam
1052 1642 1106 1687 et
1120 1631 1367 1690 savorem
1379 1628 1690 1690 nobilitatis

224 1722 259 1783 J
264 1722 501 1798 ugurtha
519 1722 754 1780 veniret.
775 1723 1035 1797 Quorum
1051 1742 1184 1800 pars
1204 1742 1328 1804 spe,
1344 1722 1440 1782 alii
1457 1725 1688 1802 praemio

227 1811 477 1889 inducti,
522 1814 775 1893 singulos
814 1837 882 1872 ex
925 1828 1123 1875 senatu
1160 1815 1499 1890 ambiundo,
1540 1815 1687 1874 nite·-

223 1907 430 1966 bautur
460 1927 528 1965 ne
551 1908 773 1986 gravius
804 1910 862 1966 in
893 1930 1022 1966 eum
1054 1911 1461 1968 consuleretur.
1481 1911 1689 1987 Igitur,

222 2001 395 2076 legati
418 2000 511 2058 ubi
526 2002 659 2058 satis
674 2001 991 2078 confidunt,
1007 2005 1098 2061 die
1115 2001 1444 2078 constituto,
1459 2017 1687 2062 senatus

224 2098 476 2178 utrisque
518 2095 702 2152 datur.
744 2095 890 2153 Tum
928 2083 1313 2158 Adherbalem*
1351 2097 1462 2156 hoc
1510 2098 1686 2158 modo

222 2189 479 2253 >locutum
502 2188 826 2265 accepimus
855 2213 867 2246 ι

315 2283 467 2341 XIV.
515 2305 545 2337 «
582 2279 814 2341 PArnEs
859 2283 1201 2361 conscripti,
1240 2284 1485 2362 Micipsa
1522 2297 1686 2361 pater

223 2396 380 2433 meus
421 2375 668 2434 moriens
701 2380 969 2454 praecepit
1012 2373 1090 2435 uti
1131 2397 1367 2453 regnum
1406 2376 1685 2437 Numidiae

223 2469 612 2532 tantummodo
635 2474 1035 2545 procuratione
1058 2474 1452 2528 existumarem
1472 2491 1682 2545 meum;

224 2564 473 2620 ceterum
492 2559 581 2632 ius
605 2574 659 2622 et
680 2564 977 2640 imperium
998 2584 1173 2641 penes
1192 2583 1296 2627 vos
1323 2584 1444 2622 esse
1472 2586 1487 2622 ε
1516 2563 1685 2625 simul

222 2659 464 2719 eniterer
491 2655 648 2719 domi
685 2660 1005 2738 militiaeque
1047 2660 1217 2737 quam
1252 2677 1517 2720 maxumo
1555 2664 1683 2722 usui
