1958 3087
305 166 388 237 94
783 159 1276 221 SALLUSTII

309 266 525 327 validus
540 308 556 340 ‚
582 285 694 323 non
712 267 938 328 seluxui
955 286 1136 344 neque
1162 267 1372 323 inertiae
1395 282 1774 342 corrumpen-

238 414 241 417 .
301 362 439 433 dum
460 359 651 431 dedit}
674 360 804 435 sed,
834 355 913 417 uti
943 367 1065 418 mos
1084 358 1266 435 gentis
1287 362 1440 416 illius
1463 371 1577 433 est,
1601 359 1770 435 equi-

297 465 450 528 tare,
479 453 750 526 jaculari,
784 470 952 511 cursu
992 473 1123 510 eum
1163 453 1470 530 aequalibus
1509 463 1768 511 certare·
1749 496 1769 526 ,

298 558 384 623 et,
408 548 536 606 cum
565 545 748 605 omnis
778 548 957 629 gloria}
989 549 1253 621 anteiret,
1286 545 1547 604 omnibus
1574 552 1794 605 tamen·
1793 532 1816 553 ’

244 628 249 633 ’
299 662 465 700 carus
485 660 638 711 esse3
667 641 740 699 ad
767 641 910 715 hoc,
954 642 1224 719 plera‘q'ue
1263 652 1522 718 tempora
1563 640 1622 697 ἰιι
1661 660 1764 698 ve-
1835 688 1845 703 ,

293 731 488 793 nando
519 752 717 813 agere,
748 736 973 793 leonem
1003 748 1171 812 atque
1200 736 1340 793 alias
1382 734 1525 793 seras
1546 715 1766 810 primus

297 843 394 887 aut
422 827 684 905 inprimis
704 829 898 886 ferire·
884 820 1154 906 ,plufin
1135 849 1225 886 um
1244 827 1453 904 facere,
1471 827 1767 925 minimum

268 921 418 999 ,ipse
441 921 513 979 de
537 942 595 979 se
619 913 796 1000 loqui.

389 1015 613 1094 Quibus
644 1016 814 1073 rebus
855 1015 1101 1092 Micipsa
1139 1016 1358 1073 tametsi
1402 1012 1564 1074 initio
1605 1017 1763 1073 laetus

295 1110 501 1182 fuerat,
516 1108 862 1166 existumans
878 1098 1141 1167 virtuth
1156 1110 1190 1166 J
1195 1111 1444 1185 ugurthae
1462 1124 1636 1186 regno
1658 1128 1763 1167 suo

293 1186 487 1280 gloriae
518 1201 667 1278 fore,
698 1211 917 1277 tamen,
946 1201 1250 1280 postqutim
1291 1203 1574 1262 hominem
1614 1202 1764 1258 ado-

260 1316 264 1320 ·
294 1278 640 1371 lescentem,
680 1302 882 1354 exacta
922 1296 1023 1354 sua
1060 1309 1219 1355 aetate
1243 1339 1260 1372 ‚
1301 1300 1492 1374 parvis
1528 1296 1761 1370 lib-eris,

260 1438 269 1447 .
293 1392 473 1466 magis
493 1388 784 1468 magisque
806 1410 1064 1449 erescere
1083 1393 1386 1469 intellegit,
1401 1391 1765 1449 vehementer

291 1485 524 1564 negotio
552 1496 875 1562 permotus,
906 1488 1083 1543 multa
1115 1505 1245 1546 cum
1274 1485 1463 1542 animo
1499 1503 1602 1541 suo
1631 1484 1763 1542 vol·

292 1580 480 1638 vebat.
493 1580 763 1641 Terrebat
777 1589 974 1638 natura
989 1584 1310 1639 mortalium
1320 1622 1336 1655 ,
1352 1579 1517 1637 avida
1536 1576 1763 1656 imperii

292 1685 348 1731 et
384 1684 638 1753 proe’eeps
680 1674 753 1733 ad
795 1675 1135 1754 explendam
1178 1674 1347 1756 anim‘i
1388 1673 1715 1749 cupidinem
1742 1694 1759 1729 ι

291 1771 559 1845 praeterea
611 1770 1036 1846 opportunitas
1068 1788 1287 1846 suaeque
1343 1780 1398 1826 et
1450 1766 1761 1844 liberorum

291 1864 498 1937 aetatis,
541 1882 663 1940 quae
692 1862 862 1920 etiam
891 1863 1199 1922 mediocris
1227 1866 1381 1921 viros
1420 1875 1519 1937 spe
1560 1860 1762 1938 praedae

290 1966 648 2013 transvorsos
671 1957 785 2033 agit
807 1976 823 2026 3
848 1958 919 2014 ad
942 1959 1054 2014 hoc
1087 1958 1272 2017 studia
1301 1955 1671 2036 Numidarum
1701 1957 1767 2013 in

287 2047 624 2126 Jugurtham
647 2048 922 2119 ace'ensa3
946 2070 1016 2107 ex
1039 2051 1275 2127 quibus,
1300 2053 1347 2108 si
1374 2050 1546 2107 talem
1575 2047 1761 2105 virum

295 2141 690 2214 interfecisset,
705 2160 775 2198 ne
794 2161 904 2220 qua
923 2144 1130 2201 seditio
1150 2158 1246 2201 aut
1262 2142 1475 2202 bellum
1494 2138 1758 2215 oriretur,

293 2238 492 2293 anxius
515 2247 652 2316 erat.

383 2332 528 2388 VII.
553 2323 1137 2409 H1s'5diffieultatibus
1178 2333 1625 2405 eireu‘mventuS,
1659 2330 1762 2387 ubi

294 2424 446 2482 videt
494 2443 677 2502 neque
721 2439 826 2501 per
864 2422 977 2480 vim
1021 2441 1202 2500 neque
1245 2424 1466 2482 insidiis
1510 2421 1761 2501 opprimi

288 2513 462 2596 posse
494 2517 783 2576 hominem
832 2519 947 2576 tam
996 2532 1310 2612 acceptum
1344 2518 1763 2595 popularibus,

291 2612 448 2688 quod
464 2622 585 2669 erat
603 2611 881 2691 Jugurtha
903 2618 1075 2671 manu
1109 2605 1365 2692 promtus
1399 2624 1455 2669 et
1490 2612 1764 2688 adpetens
1819 2619 1839 2638 ⁶

292 2706 485 2783 glories
507 2704 790 2782 militaris,
806 2708 997 2770 statuit
1018 2720 1146 2764 eum
1165 2706 1428 2785 objectus
1453 2706 1761 2782 periculis,
