1958 3087
229 133 361 227 ’,ο
552 223 555 228 ,
762 163 1257 225 SALLcs‘rn
1482 168 1586 220 .’
1747 138 1794 183 ’

275 270 426 333 mala
446 270 671 330 abunde
693 276 883 330 omnia
905 266 1093 347 crant',
1119 273 1218 330 secl
1242 291 1422 349 neque
1440 291 1531 329 res
1558 291 1739 349 neque

277 387 408 446 spes
448 365 597 424 bona
638 367 792 423 ulla·
776 409 792 436 ,
853 366 1071 427 tametsi
1129 369 1241 425 illis
1282 354 1480 443 quieta
1516 387 1739 426 movele

273 479 479 547 magna
502 480 718 521 merces
738 454 1062 534 videbatur,
1081 473 1269 521 tamen
1300 463 1587 537 postulare
1612 452 1672 536 p!
1657 482 1740 518 e·

273 555 437 632 rique
451 595 468 630 ‚
489 548 569 646 uti
588 567 934 660 proponeret
946 597 963 631 ,
984 575 1107 633 quae
1130 544 1385 614 conditio
1404 553 1541 612 belli
1565 553 1739 630 foret,

275 667 398 726 quae
425 649 652 728 praemia
681 652 850 708 armis
879 659 1167 726 peterent,
1200 647 1338 726 quid
1369 649 1579 727 ubique
1613 649 1750 724 opis

275 753 371 800 aut
383 742 504 820 spei
525 742 813 805 haberent
830 743 972 801 Τιίιιι
987 745 1225 805 Cat111na
1231 743 1503 832 polliceri
1522 742 1741 800 tabulas

273 854 451 894 novas
467 878 483 911 ,
505 839 986 919 proscriptionem
1008 836 1411 915 locupletium
1444 839 1738 913 magistra-

273 938 364 987 tus
379 930 775 1007 ,sacer-dotia,
772 934 1030 1010 rapinaS,
1045 934 1158 990 alia
1176 931 1367 995 omnia
1386 949 1507 1007 quae
1526 929 1737 988 bellum

274 1036 441 1102 atque
483 1024 683 1083 lubido
722 1027 1022 1109 victorum,
1041 1026 1165 1085 sert.
1208 1025 1477 1082 Praeterea
1518 1044 1639 1082 esse
1667 1025 1741 1080 -iu

236 1137 242 1145 ·
271 1117 546 1195 Hispania
570 1121 832 1178 citeriore
853 1121 1144 1197 Pisonem,
1167 1124 1226 1177 in
1244 1118 1586 1178 Mauritania
1608 1137 1740 1177 cum

275 1213 529 1270 exercitu
574 1212 638 1274 P.
679 1212 903 1272 Sittium
940 1214 1337 1287 NucerInum,
1380 1211 1606 1270 consilii
1652 1215 1739 1269 sui

272 1306 632 1384 participes.
662 1308 856 1384 petere
898 1310 1259 1367 consulatum
1298 1307 1361 1365 C.
1401 1296 1726 1364 Antonium’
1720 1347 1738 1380 ,

273 1419 443 1477 quem
475 1400 581 1458 sibi
606 1404 888 1481 collegam
910 1403 1050 1460 sore
1055 1415 1336 1478 speraret
1361 1401 1646 1459 hominem
1684 1413 1752 1458 et‘

274 1488 646 1570 familiarem,
696 1508 752 1555 et
788 1496 1051 1556 omnibus
1081 1494 1594 1557 necessitudinibus
1625 1497 1737 1553 eir-

218 1635 229 1652 2
274 1601 666 1648 cumventum·
684 1611 814 1649 cum
833 1612 902 1650 eo
922 1612 982 1650 se
996 1578 1740 1667 consulem-initiumagendi

275 1684 575 1742 facturum.
584 1683 670 1744 Ad
684 1687 821 1761 hoc,
837 1686 1186 1746 maledictis
1169 1699 1426 1763 increpat
1438 1683 1620 1742 omnis
1632 1683 1738 1740 bo·

273 1795 409 1836 nos:
427 1797 655 1837 suorum
680 1799 1135 1878 unumquemque
1157 1783 1453 1840 nominans
1475 1779 1739 1847 laudare-3

274 1872 616 1931 admonebat
653 1875 827 1931 alium
862 1841 1164 1952 egestatis,
1199 1877 1372 1934 alium
1411 1873 1740 1950 cupilitatis

272 1985 412 2039 suae,
435 1968 759 2044 complures
779 1966 1022 2045 periculi
1042 1979 1139 2026 aut
1154 1969 1508 2043 ignominiae,
1532 1968 1742 2025 multos
1810 1998 1832 2010 --

273 2058 803 2136 victoriaeSullanae,
824 2061 1034 2139 quibus
1045 2079 1113 2121 ea
1136 2061 1335 2140 praedae
1355 2064 1554 2140 fuerat.
1577 2062 1736 2117 Post·
1795 2055 1818 2136 J

273 2154 443 2230 quam
465 2157 716 2214 omnium
739 2157 956 2214 animos
979 2158 1185 2215 alacris
1205 2158 1387 2232 videt,
1411 2157 1736 2215 cohortatus

275 2259 333 2303 ut
353 2249 683 2322 petitionem
703 2263 860 2307 suum
886 2269 1034 2307 curae
1063 2251 1363 2326 haberent,
1398 2238 1736 2308 conventum
1803 2274 1816 2283 ·

274 2340 508 2398 dimisit.
838 2319 877 2356 ⁸

369 2434 565 2493 xxu.
597 2436 805 2494 Fuitne
822 2377 1322 2516 ,efflempestatffi
1354 2436 1450 2515 qui
1481 2436 1738 2494 dicerent

273 2529 597 2605 Catilinam,
612 2534 867 2590 oratione
886 2531 1103 2608 habita,
1120 2536 1250 2590 cum
1262 2529 1737 2605 adjusjurandum

271 2625 567 2703 popularis
587 2626 819 2684 sceleris
838 2627 921 2683 sui
943 2627 1220 2705 adigeret,
1233 2626 1462 2683 humani
1479 2627 1738 2703 corporis

274 2718 601 2796 sauguinem
612 2762 630 2796 ,
649 2722 784 2779 vino
804 2721 1168 2797 permixtum,
1184 2720 1244 2777 iu
1259 2724 1469 2799 pateris
1490 2720 1734 2779 circum-
