1958 3087
673 169 1192 230 -JUGURTHA4
1559 182 1691 255 1¹2¹·

130 326 148 345 .
204 276 328 353 ejus
346 276 560 339 certior
579 277 767 336 Romae
790 276 972 341 factus
988 319 1006 356 7
1038 272 1294 334 diffidere
1328 275 1443 332 suis
1473 270 1643 333 rebus
1657 317 1675 351 ‚

132 416 143 432 s
204 394 274 432 ac
297 374 415 431 tum
436 372 665 430 demum
690 391 885 431 veram
907 371 1260 435 deditionem
1282 370 1476 428 facere·
1500 389 1678 429 cona-

135 526 148 553 Κ
202 480 295 526 tus
316 479 420 525 est.
442 467 621 545 Igitur
641 468 861 545 legatos
883 466 956 524 ad
986 468 1282 524 consulem
1305 483 1435 523 cum
1459 467 1680 547 suppli-

149 554 154 557 ⁸
206 583 312 621 cns
325 560 518 636 mittit,
534 581 629 641 qui
615 560 1076 620 “tantummodo
1059 580 1167 638 ipsi
1154 558 1487 638 liberisque
1505 561 1682 620 vitam

202 668 493 734 peterent,
517 654 632 719 alia
655 653 845 712 omnia
867 644 1141 713 dederent
1161 656 1382 731 populo
1402 654 1680 713 Romano·

205 750 318 807 Sed
348 745 632 808 Metello
615 769 728 824 jam
761 749 924 806 antea
954 748 1361 826 experimentis
1389 751 1683 828 cognitum

206 857 326 902 erat
353 861 533 929 genus
558 843 934 913 Numidarum
974 841 1245 917 infidum,
1282 841 1521 920 ‘ingenio
1554 834 1681 903 mo-
1738 864 1741 867 ²

207 932 340 1012 bili,
384 940 666 996 novarum'
701 924 891 996 rerum
928 936 1180 995 avidum.
1221 938 1419 1015 Itaque
1459 938 1682 1017 legatos

206 1032 380 1090 alium
401 1032 471 1090 ab
494 1033 609 1095 alio
628 1033 892 1091 divorsos
909 1030 1273 1111 adgreditur3
1295 1050 1362 1089 ac
1385 1028 1684 1109 paullatim

205 1127 497 1201 tentando,
512 1126 814 1205 postquam
828 1138 1187 1204 opportunos
1200 1126 1470 1204 cognovit
1479 1167 1495 1200 ,
1507 1129 1683 1187 multa

205 1221 539 1303 pollicendo
566 1221 873 1299 persuadet
900 1244 931 1277 «
956 1215 1039 1279 uti
1060 1220 1397 1298 Jugurtham
1418 1223 1682 1281 maxume

203 1315 427 1391 vivum,
472 1317 560 1374 sin
588 1313 646 1372 id
666 1317 868 1394 parum
909 1316 1221 1394 procedat,
1264 1325 1530 1373 necatam
1575 1316 1681 1376 sibi

204 1410 494 1468 traderent
515 1432 548 1466 ν)
578 1429 594 1465 t
633 1411 884 1468 ceterum
904 1409 1128 1487 palam,
1152 1429 1274 1488 quae
1296 1428 1366 1466 ex
1387 1411 1683 1470 voluntate

207 1504 424 1580 forent,
452 1504 575 1584 regi
597 1502 858 1562 nunciari
878 1501 1057 1579 jubet.
1087 1502 1312 1561 Deinde
1334 1500 1456 1582 ipse
1478 1506 1683 1583 paucis

204 1599 439 1674 diebus,
465 1598 681 1656 intento
713 1608 883 1677 atque
911 1598 1119 1655 infesto
1151 1599 1436 1674 exercitu,
1472 1597 1529 1655 in
1559 1599 1682 1658 Nu-

206 1692 443 1752 midiam
484 1691 748 1770 procedit
785 1713 806 1749 t
851 1690 982 1769 ubi,
1027 1698 1226 1754 contra
1267 1689 1405 1748 belli
1445 1692 1682 1771 faciem,

209 1789 434 1868 tuguria
455 1789 626 1866 plena
644 1787 969 1861 hominum,
993 1806 1207 1865 pecora
1239 1786 1601 1866 cultoresque
1625 1788 1685 1850 iu

104 1899 111 1906 ·
208 1885 361 1961 agris
390 1888 588 1940 erant:
623 1900 693 1938 ex
725 1881 964 1960 oppidis
990 1892 1047 1939 et
1078 1880 1397 1958 mapalibus
1433 1882 1686 1960 praefecti

123 1978 128 1984 ’
208 1977 361 2056 regis
411 1971 566 2034 obvii
611 1976 1004 2053 procedebant
1026 2017 1043 2052 ,
1095 1977 1279 2054 parati
1343 1974 1687 2046 frumentum·

205 2071 347 2129 dare
367 2112 385 2145 ‚
431 2081 807 2128 commeatum
848 2080 1077 2148 portare
1101 2109 1118 2143 ,
1161 2072 1455 2149 postremo
1495 2075 1687 2132 omnia

208 2185 334 2245 quae
363 2169 775 2242 imperarentur
804 2165 1011 2224 facere.
1051 2165 1249 2246 Neque
1283 2165 1553 2224 Metellus
1596 2166 1687 2224 id-

211 2261 373 2320 circo
404 2260 621 2336 minus,
646 2260 745 2318 sed
774 2260 988 2338 pariter
1008 2280 1077 2324 ac
1101 2262 1148 2318 si
1164 2260 1358 2322 hostes
1391 2261 1688 2336 adessent,

212 2356 431 2413 munito
453 2353 677 2434 ag‘mine
700 2355 994 2432 incedere,
1006 2355 1122 2412 late
1144 2343 1446 2434 explorare
1461 2358 1688 2428 omnia,

209 2449 314 2507 illa
332 2447 642 2512 deditionis
662 2449 821 2528 signa
840 2451 1087 2509 ostentui
1107 2449 1372 2526 credere,
1394 2462 1450 2508 et
1467 2450 1692 2509 insidiis

213 2545 409 2601 locum
420 2555 657 2605 tentare.
670 2546 867 2625 Itaque
881 2544 1004 2624 ipse
1025 2564 1157 2604 cum
1175 2545 1458 2624 expeditis
1478 2545 1691 2603 cohor-

214 2636 366 2693 tibus
379 2677 396 2711 ‚
422 2640 554 2695 item
575 2639 925 2698 funditorum
945 2652 1002 2698 ct
1024 2639 1443 2718 sagittariorum
1464 2639 1692 2697 delecta

214 2751 411 2805 manu,
433 2735 584 2809 apud
605 2738 818 2811 primos
839 2749 986 2811 erat;
1001 2736 1057 2793 in
1077 2747 1370 2814 postremo
1389 2736 1454 2794 C.
1473 2734 1695 2794 Marius

346 2838 519 2878 uum.
1343 2850 1362 2881 ι
1382 2850 1400 2881 ι
1548 2820 1565 2838 “

1718 2885 1867 2968 Γ
