1958 3087
294 133 379 206 94
501 93 509 100 ’
775 125 1264 186 SALLUSTII

294 233 606 304 exercitus3
630 241 686 290 et
707 233 839 309 quia
860 235 974 291 diei
997 243 1307 299 extremum
1327 243 1445 294 erat
1458 273 1474 306 ,
1500 234 1766 309 praelium

293 346 409 384 non
432 326 739 402 inceptum.
759 328 868 383 Ubi
891 330 1220 403 plerumque
1245 318 1431 382 noctis
1450 331 1760 401 processit,

295 420 541 477 obscuro
564 414 731 477 etiam
751 421 868 478 tiim
895 420 1105 476 lumine
1122 462 1138 494 ‚
1173 419 1378 477 milites
1398 419 1725 497 Jugurthini
1742 463 1763 494 ,

260 515 458 590 —signo
501 513 634 571 dato
655 555 672 588 ,
712 525 899 593 'eastra
939 515 1188 571 hostium
1225 506 1497 583 invadunt
1516 535 1533 586 3
1585 517 1757 597 semi:

294 627 525 665 somnos
552 602 796 684 partim,
834 606 981 683 'alios
1020 627 1172 665 arma
1208 618 1519 681 sumentes,
1560 607 1761 684 fugant

295 695 647 778 funduntque
683 723 697 758 ε
740 701 1024 779 Adherbal
1067 721 1195 760 cum
1237 705 1437 778 paucis
1472 699 1758 777 equitibus

295 795 505 851 Cirtam
544 794 825 872 profugit3
870 807 954 870 et,
998 798 1055 852 ni
1094 796 1395 864 multitudo
1431 805 1752 871 togatorum

295 886 530 961 fuisset,
583 908 704 965 quae
750 890 1024 947 Numidas
1072 889 1427 966 insequentes
1478 889 1756 946 moenibus

290 981 614 1057 prohibuit,
656 1002 768 1038 uuo
811 982 903 1040 die
941 985 1084 1039 inter
1120 981 1266 1040 duos
1303 1002 1464 1059 reges
1506 993 1755 1058 coeptum

190 1110 209 1121 e
295 1088 462 1152 atque
490 1086 769 1151 patratum
810 1074 1017 1133 bellum
1060 1075 1222 1132 foret.
1265 1079 1455 1153 Igitur·
1475 1077 1754 1152 Jugurtha

296 1167 573 1243 oppidum
603 1169 997 1239 circumsedit3
1029 1169 1240 1243 vine³s‚
1271 1170 1659 1246 turribusque,
1700 1183 1757 1227 et

293 1260 572 1337 machinis
593 1263 844 1318 omnium
867 1282 1164 1337 generum,
1179 1284 1519 1341 ·expugnare
1552 1264 1756 1343 adgre-

294 1354 445 1410 ditur
459 1373 475 1428 3
499 1357 758 1411 maxume
779 1355 1045 1436 festinans
1068 1370 1289 1433 tempus
1307 1361 1623 1434 legatorum
1654 1376 1757 1412 an-

293 1460 588 1523 tecapere,
616 1469 788 1524 qum,
812 1450 945 1507 antc‘
970 1454 1222 1526 praelium
1258 1452 1491 1526 facturn,
1524 1453 1759 1506 Romam

296 1542 366 1599 ab
392 1530 709 1601 Adherbale
740 1545 941 1612 missos
973 1548 1283 1603 audiverat.
1316 1543 1425 1600 Sed
1457 1543 1759 1621 postquam

222 1644 242 1657 ⁸
297 1648 522 1693 senatus
563 1638 632 1694 de
664 1638 818 1695 bello
851 1660 1047 1697 eorum
1088 1640 1341 1716 accepit,
1382 1652 1494 1695 tres
1528 1638 1758 1695 adoles-

297 1742 489 1787 centes
533 1733 589 1787 in
628 1729 879 1798 Africam
920 1734 1206 1809 legantur,
1250 1735 1347 1809 qui
1390 1732 1555 1804 ambo
1597 1752 1761 1808 reges

296 1824 532 1897 adeant,
559 1829 782 1881 senatus
803 1829 1115 1902 populique
1138 1824 1371 1904 Romani
1391 1825 1575 1904 verbis
1607 1844 1758 1883 nun-

297 1920 475 1991 cient,
498 1940 528 1971 «
543 1919 702 1975 Velie
723 1931 778 1974 et
801 1938 1029 1975 censere
1051 1940 1147 1984 eos
1168 1921 1236 1977 ab
1252 1923 1418 1980 armis
1432 1909 1724 1977 discedere
1741 1964 1759 1994 ‚

296 2010 368 2067 de
413 2014 812 2068 controversiis
854 2013 968 2068 suis
1005 2010 1125 2083 jure
1167 2000 1359 2089 potius
1397 2016 1564 2091 quam
1605 2015 1758 2071 hello

297 2105 616 2179 disceptare
638 2125 652 2158 e
678 2105 754 2159 ita
778 2123 946 2179 seque
972 2099 1195 2182 illisque
1217 2107 1452 2183 dignum
1476 2108 1611 2163 sore.
1640 2130 1670 2159 υ

388 2196 567 2253 XXII.
589 2196 796 2253 LEGATI
820 2196 1137 2255 inAfricam
1149 2211 1487 2257 maturantes
1499 2200 1753 2271 veniunt,

297 2290 368 2347 θὸ
391 2288 565 2366 magis
588 2289 742 2365 quod
754 2290 963 2363 Romae,
979 2293 1114 2347 dum
1134 2292 1422 2368 proficisci
1446 2304 1669 2368 parant,
1686 2293 1754 2347 dc

296 2383 490 2459 praeiio
516 2383 666 2441 facto
688 2394 743 2441 et
764 2384 1187 2462 oppugnatione
1210 2386 1369 2442 Cirtae
1392 2384 1750 2476 audiebaturg

299 2476 467 2533 sedis
494 2497 687 2536 rumor
716 2481 964 2546 clemens
1008 2492 1143 2537 erat.
1186 2475 1442 2552 Quorun!
1480 2480 1748 2556 ,Iugurtha

298 2577 535 2644 accepta
556 2575 810 2630 oratione
832 2574 1125 2649 respondit
1148 2596 1161 2631 ε
1190 2573 1357 2631 ‹cSibi
1377 2594 1558 2655 neque
1579 2574 1754 2649 majus

299 2663 608 2741 quidquam
627 2687 807 2744 neque
832 2670 1017 2727 carius
1048 2669 1381 2743 auctdritate
1404 2674 1583 2730 senati
1603 2691 1749 2730 esse-
