1958 3087
687 161 1109 221 JUGURTH
1129 164 1194 217 A.
1229 150 1243 213 f
1591 166 1670 234 553

214 266 568 323 metuenduS.
590 267 766 341 Igitur
797 288 861 324 ex
897 270 1203 342 improviso
1238 262 1362 321 finis
1393 263 1511 337 ejus
1544 286 1669 321 cum

211 359 417 436 anagnia
443 378 610 416 manu
632 359 874 437 invadit3
901 363 1106 417 multos
1132 355 1380 415 mortalis
1410 378 1539 414 cum
1569 379 1670 432 pe-

215 471 351 509 core
375 465 538 527 atque
563 453 672 508 alifi
694 455 879 528 praeda
910 457 1090 530 capit,
1122 453 1358 510 aedificia
1390 452 1671 527 incendit,

211 540 485 621 pleraque
520 547 651 603 loca
681 546 958 605 hostiliter
989 568 1117 629 eum
1149 546 1396 623 equitatu
1427 546 1669 603 accedit.

208 637 359 696 Dein
395 657 524 694 cum
562 642 717 697 omni
753 640 1108 698 multitudine
1144 640 1201 696 in
1238 659 1474 716 regnum
1512 658 1674 694 suum

212 730 526 806 convertit,
551 732 890 791 existumans
913 735 1111 791 dolore
1131 746 1448 810 permotum
1465 730 1674 788 Adher-

210 821 399 881 balem
413 822 645 897 injurias
664 846 791 884 suas
803 846 972 885 manu
985 829 1423 901 vindicaturum,
1438 844 1673 903 eamque

209 937 333 975 rem
353 917 489 975 belli
513 924 770 977 caussam
792 920 930 979 fore.

306 1010 376 1067 At
394 1013 520 1087 ille,
545 1013 697 1089 quod
726 1033 906 1092 neque
937 1034 996 1071 se
1025 1031 1219 1089 parem
1257 1013 1427 1070 armis
1460 1012 1678 1069 existu-

208 1102 428 1178 mabat,
455 1117 508 1162 et
531 1107 775 1164 amicitia
803 1107 1008 1183 populi
1034 1108 1267 1164 Romani
1298 1108 1476 1183 magis
1505 1105 1675 1182 quam

208 1195 468 1256 Numidis
488 1197 662 1257 fretus
693 1212 842 1275 erat,
880 1203 1098 1277 legatos
1135 1200 1207 1256 ad
1235 1200 1571 1277 ,Iugurtham
1601 1199 1673 1257 de

211 1287 431 1361 injuriis
443 1306 702 1368 questum
714 1290 864 1351 misit
880 1294 1004 1371 :qui
1020 1295 1238 1351 tametsi
1261 1295 1675 1351 contumeliosa

211 1385 366 1441 dicta
393 1388 728 1461 retulerant,
758 1389 915 1463 prius
953 1399 1141 1445 tamen
1182 1387 1372 1444 omnia
1412 1387 1530 1462 pati
1569 1387 1671 1442 de-

213 1481 390 1535 crevit
402 1481 570 1557 quam
586 1478 800 1537 bellum
815 1498 1031 1539 sumere
1041 1501 1058 1552 ;
1072 1483 1205 1559 quia
1217 1461 1489 1537 tentatum
1508 1479 1674 1536 antea

212 1575 375 1629 secus
412 1585 676 1631 cesserat.
708 1573 902 1651 Neque
928 1585 1119 1630 ‘tamen
1150 1576 1219 1631 eo
1251 1576 1427 1650 magis
1459 1572 1674 1650 cupido

208 1666 496 1740 Jugurthae
533 1665 919 1737 miuneham-3
952 1670 1165 1744 quippi:
1203 1669 1298 1743 qui
1335 1677 1514 1723 totum
1551 1665 1672 1739 ejus

208 1777 447 1832 regnum
479 1761 667 1817 animo
702 1759 815 1832 jam
848 1759 1147 1817 invaserat.
1181 1762 1377 1835 Itaque
1420 1779 1565 1831 non,
1611 1770 1673 1817 ut

207 1852 404 1925 autea,
431 1871 561 1907 cum
578 1853 911 1928 praedatoria
931 1872 1125 1927 manu,
1152 1854 1255 1911 sed
1280 1871 1483 1927 magno
1507 1872 1671 1909 exer-

209 1944 328 2001 citu
352 1956 680 2021 comparato
695 1988 711 2021 ‚
731 1947 942 2004 bellum
964 1964 1158 2022 gerere
1180 1945 1380 2022 coepit,
1406 1956 1460 2003 et
1478 1947 1672 2022 aperte

208 2039 383 2095 totius
402 2036 677 2096 Numidiae
696 2039 993 2116 imperium
1013 2052 1224 2116 petere.
1245 2040 1502 2097 Ceterum
1516 2080 1532 2113 ,
1558 2040 1670 2116 quai

205 2130 510 2208 pergebat,
530 2131 715 2204 urbis,
748 2153 913 2210 agros
941 2147 1191 2207 vastare,
1222 2134 1438 2209 praedas
1468 2153 1667 2210 agere3

165 2262 168 2266 ·
207 2228 324 2281 suis
347 2228 593 2281 animum
608 2268 624 2300 ‚
647 2238 917 2284 terrorem
939 2226 1195 2284 hostibus
1217 2247 1443 2304 augere.

299 2318 463 2376 XXI.
492 2318 799 2378 AnuEnnAt.
825 2319 920 2378 ubi
948 2321 1225 2398 intellegit
1248 2320 1317 2377 eo
1335 2335 1666 2397 processum

206 2407 287 2472 uti
318 2425 555 2491 reff'um
595 2427 696 2472 aut
721 2414 1154 2492 relinquendum
1175 2422 1351 2488 esset,
1382 2426 1476 2470 aut
1498 2411 1667 2470 armis

204 2477 590 2583 retinendun'l',
613 2507 934 2565 necessario
957 2510 1155 2583 copias
1174 2520 1364 2583 parat,
1387 2518 1440 2564 et
1456 2506 1491 2562 J
1496 2526 1666 2584 ugur-

205 2599 312 2655 thae
338 2604 538 2660 obvius
576 2601 858 2677 procedit.
883 2598 1113 2659 Interim
1135 2602 1286 2658 haud
1302 2603 1472 2677 longo
1493 2601 1522 2656 a
1546 2619 1666 2655 ma-

204 2694 284 2763 ri,
310 2713 487 2771 prope
517 2696 723 2756 Cirtam
752 2683 1063 2773 oppidum,
1085 2687 1666 2772 utriusque'consedit
