1958 3087
709 146 1227 206 JUGURTHA·.
1617 146 1738 213 83.

237 251 503 312 haberem
535 261 735 328 praeter
772 248 1150 310 miserandam
1188 249 1498 322 fortunam3
1544 253 1697 329 qued

235 349 433 423 paullo
455 345 584 403 ante
604 365 701 402 rex
718 386 735 419 ,
758 365 962 424 genere
977 386 995 419 ‚
1009 347 1163 403 ‘fama
1193 358 1359 421 atque
1383 345 1566 423 copiis
1587 365 1697 422 po-

233 453 390 513 tens„
416 459 565 497 nunc
589 438 932 498 deformatus
954 439 1211 498 aerumnis
1226 483 1242 514 ‚
1265 439 1459 516 inOPS,
1481 442 1699 498 alienas

233 552 377 610 opes
400 544 671 609 exspecto
703 555 716 588 ε
748 545 941 591 tamen
973 546 1092 591 erat
1128 531 1698 603 maiestatisRomani

232 628 438 703 populi
470 625 769 702 prohibere
811 626 1102 703 injuriam,
1142 648 1324 705 neque
1368 626 1699 704 cujusquam

232 740 472 797 regnum
490 739 592 801 per
614 722 801 778 scelus
830 741 1107 780 crescere.
1131 723 1342 780 Verum
1372 741 1480 798 ego
1511 721 1597 779 his
1629 721 1697 777 fi-

232 814 402 871 nibus
424 812 638 886 ejectus
658 834 777 871 sum
798 834 942 891 quos
964 812 1271 886 majoribus
1289 817 1427 872 meis
1449 818 1698 892 populus

149 932 153 937 ·
231 908 519 964 Romanus
539 908 726 981 dedit,
752 909 900 965 unde
923 922 1083 985 pater
1113 922 1167 966 et
1198 929 1333 966 avus
1365 911 1475 965 una
1504 894 1696 966 vobis-

233 986 367 1057 cum
416 1003 683 1076 expulere
735 1001 1053 1078 Syphacem
1095 1015 1150 1059 et
1187 1002 1697 1078 Carthaginienses-

230 1094 433 1151 Vestra
451 1094 725 1152 beneficia
749 1108 940 1172 erepta
965 1109 1091 1154 sunt
1103 1139 1116 1167 ,
1132 1110 1320 1173 patres
1343 1095 1651 1172 conscripti
1678 1117 1694 1153 ε

190 1220 195 1223 -
230 1206 335 1246 vos
356 1189 413 1245 in
437 1188 559 1245 mea
582 1187 785 1262 injuria
808 1190 1064 1268 despecti
1087 1193 1240 1247 estis·
1684 1206 1688 1210 ’

323 1303 364 1338 ·«
405 1283 563 1339 Eheu
612 1300 699 1341 me
750 1283 1054 1342 miserum!
1104 1283 1361 1341 Huccine
1380 1326 1396 1358 ‚
1448 1284 1695 1360 Micipsa

228 1386 418 1452 pater,
458 1375 734 1434 beneficia
772 1382 1033 1451 evasere,
1077 1375 1154 1435 uti
1197 1398 1364 1455 quem
1403 1389 1462 1434 tu
1500 1398 1699 1454 parem:

204 1526 207 1527 γ
232 1488 364 1528 cum
392 1469 585 1527 liberis
615 1474 884 1549 regnique
918 1471 1251 1549 participem
1283 1470 1496 1543 fecisti,
1519 1474 1565 1527 is
1587 1491 1695 1549 po-

228 1564 735 1641 tissumum-stirpis
756 1571 861 1620 ἰῶ
884 1569 1195 1622 exstinctor
1225 1567 1294 1622 sit
1316 1565 1339 1620 ’.Ρ
1365 1557 1695 1641 Nunquam-

230 1678 480 1735 netergo
524 1656 735 1724 familia
765 1639 959 1716 πῶτε
1000 1661 1187 1734 quieta
1230 1658 1373 1714 crit?
1405 1677 1698 1734 semperne

227 1751 288 1808 in
330 1752 639 1826 sanguine,
682 1752 865 1825 ferro,
908 1753 1077 1827 fuga,
1122 1751 1515 1815 versabimur?
1552 1751 1698 1808 Dum

228 1845 722 1921 Carthaginienses
763 1847 1079 1902 incolumes
1120 1844 1468 1918 fueresjure
1507 1845 1697 1902 omnia

224 1959 375 1997 saeva
406 1937 762 2015 patiebamur
787 1962 800 1994 ε
833 1941 1025 1997 hostes
1056 1939 1125 2004 ab
1155 1937 1360 2014 latere,
1391 1959 1494 1996 vos
1526 1933 1698 1995 amici

227 2029 467 2110 procul,
490 2051 619 2109 spes
642 2034 823 2090 omnis
847 2033 903 2090 in
927 2032 1096 2092 armis
1118 2045 1255 2091 erat.
1278 2033 1578 2110 Postquam
1597 2034 1696 2092 ina

230 2128 405 2203 pestis
437 2122 650 2198 ejecta,
685 2128 791 2183 laeti
822 2147 1024 2203 pacem
1056 2127 1404 2205 agitabamus
1438 2150 1450 2183 ε
1484 2130 1697 2203 quippe

218 2218 357 2297 quis
386 2220 566 2277 hostis
596 2222 815 2298 nullus,
847 2220 954 2278 nisi
989 2220 1130 2278 forte
1162 2243 1328 2296 quem
1365 2219 1710 2292 iussissetis.'

227 2316 378 2372 Ecce
399 2327 585 2371 autem
605 2334 671 2371 ex
693 2312 1008 2390 improviso
1024 2315 1327 2391 sugat-tha,
1344 2313 1695 2370 intoicrandzi

230 2407 500 2481 audacia,
526 2409 739 2465 scelere
782 2421 948 2485 atque
982 2409 1244 2485 superbia
1276 2428 1397 2465 sese
1429 2407 1690 2478 efferens=

232 2501 398 2560 fratre
432 2521 560 2559 meo
593 2515 760 2580 atque
794 2503 997 2562 eodem
1028 2501 1355 2580 propinque·
1387 2521 1490 2566 suo
1521 2501 1695 2560 inter-

233 2595 381 2652 fecto
395 2638 411 2671 ,
432 2595 675 2672 primum
690 2611 929 2674 regnum
948 2595 1070 2669 ejus
1091 2596 1321 2654 sceleris
1344 2598 1428 2652 sui
1453 2595 1700 2670 praedam

210 2684 364 2747 ‘fecit
387 2712 401 2747 z
425 2691 585 2767 pest,
610 2690 706 2749 ubi
732 2710 818 2748 me
852 2688 1033 2749 isdem
1063 2690 1212 2747 dolis
1238 2694 1427 2765 nequit
1462 2708 1695 2765 capere,
