1958 3087
758 187 1240 257 CATILIN&
1638 193 1721 250 31:

200 312 209 319 ·
261 276 393 352 cum
412 291 609 354 alienis
633 288 953 353 nominibus
975 295 1283 354 liberalitas
1305 292 1580 352 Orestillae
1603 297 1718 352 suis

234 378 494 464 ‘filiaeque
516 390 699 466 copiis
712 392 1059 463 persolveret
1068 411 1083 459 ;
1100 389 1198 446 sed
1212 389 1365 472 qued
1380 408 1493 445 non
1515 389 1719 466 dignos

254 483 516 540 homines
559 481 774 561 honere
816 481 1143 541 honestatos
1183 478 1476 555 videbam,
1498 503 1720 560 -meque

257 575 399 632 falsii
435 565 756 651 suspicione
788 577 1092 634 alienatum
1113 574 1438 635 sentiebam.
1464 576 1589 634 Hoc
1612 594 1719 634 no-

256 670 409 724 mine
434 666 566 724 satis
589 668 851 726 honestas
873 688 983 745 pro
1012 689 1138 728 meo
1168 689 1304 728 casu
1335 689 1463 747 spes
1492 670 1723 784 reliqua:

205 804 210 811 .
256 759 551 838 dignitatis
574 762 970 820 conservandae
993 783 1116 821 sum
1134 776 1380 822 secutus».
1400 765 1567 821 Plura
1590 763 1723 841 eum

257 855 506 912 snubere
528 856 758 930 vellem,
774 860 1102 914 nunciatum
1124 870 1207 916 est
1223 860 1337 915 vim
1355 842 1492 915 mihi
1509 861 1719 934 parari.

253 949 422 1005 Nunc
442 949 765 1007 Orestillam
789 951 1128 1008 commendo
1150 963 1364 1028 tuaeque
1380 952 1509 1007 fidei
1532 953 1719 1009 trado·

253 1045 391 1099 Eam
417 1042 525 1098 ab
509 1041 713 1115 miuria
731 1044 1003 1102 defendas
1017 1086 1033 1118 ‚
1054 1065 1156 1122 per
1175 1045 1385 1103 liberos
1401 1057 1530 1105 tuos
1550 1064 1721 1123 roga·-

158 1145 165 1152 '
255 1147 368 1192 tus,
393 1136 628 1215 Haveto.
657 1158 688 1194 υ
860 1150 867 1155 ”

250 1290 251 1301 ¹
349 1229 628 1306 XXXVI.
652 1229 776 1287 sm)
800 1231 922 1310 ipse
943 1250 1160 1308 paucos
1193 1231 1316 1291 dies
1339 1245 1721 1292 commoratus

256 1324 411 1409 apud
424 1324 485 1380 C.
509 1323 843 1382 Flaminium
862 1326 1167 1385 Flammam
1190 1327 1248 1382 in
1271 1344 1407 1404 agro
1429 1325 1688 1385 Arretino
1697 1367 1716 1401 ,

182 1486 185 1491 .
257 1412 395 1476 dum
413 1415 790 1497 vicinitatem,
816 1420 981 1477 antea
1008 1416 1401 1495 sollicitatam,
1426 1421 1596 1478 armis
1617 1442 1722 1479 ex-

256 1518 450 1587 ornat,
476 1531 608 1570 cum
632 1510 878 1571 fascibus
899 1524 1067 1591 atque
1092 1512 1253 1572 aliis
1233 1515 1456 1591 imperii
1484 1513 1719 1612 insigni-

254 1603 406 1663 bus
392 1626 450 1662 m
482 1618 664 1663 castra
694 1606 768 1664 ad
795 1607 1073 1664 Manlium
1110 1607 1421 1666 contendit.
1457 1591 1587 1664 Haec
1626 1607 1722 1664 ubi
1751 1635 1758 1640 ·

254 1700 443 1770 Romae
456 1712 768 1776 comperta,
785 1713 1009 1757 senatus
1029 1699 1366 1758 «Catilinam
1380 1713 1434 1757 et
1446 1701 1722 1758 Manl‘l'um

255 1793 450 1850 hostes
468 1789 687 1864 judicat
699 1815 723 1865 3.
742 1805 939 1851 ceterae
959 1792 1307 1850 multitudini
1327 1793 1478 1851 diem
1501 1798 1718 1868 statuit,

256 1889 388 1943 ante
419 1888 588 1964 quam
618 1889 737 1945 sine
769 1886 964 1947 fraude
995 1887 1195 1945 liceret
1222 1888 1292 1944 ab
1322 1891 1491 1946 armis
1528 1890 1717 1946 disce-

172 1971 177 1974 ’
255 1980 426 2053 dere,
449 1994 647 2055 praeter
667 1999 855 2038 rerum
885 1982 1212 2057 capitalium
1243 1982 1654 2048 condemnatis.
1680 2004 1717 2040 >a

255 2073 530 2130 Praeterea
550 2073 806 2132 decernit
841 2097 872 2131 e
898 2070 976 2134 uti
1009 2077 1273 2134 eonsules
1302 2076 1586 2134 delectum
1616 2078 1719 2133 ha-

242 2166 458 2239 *beant3
481 2165 754 2225 Antonius
779 2163 908 2227 eum
930 2169 1183 2228 exercitu
1204 2170 1500 2226 Catilinam
1521 2190 1717 2247 perse-

257 2263 356 2339 qui
398 2253 579 2317 matut
583 2272 667 2333 et
710 2263 909 2320 Cicero
950 2264 1077 2320 urbi
1121 2264 1383 2341 praesidio
1428 2265 1582 2320 sit.»
1639 2257 1742 2320 Ea

256 2367 587 2439 tempestate
606 2355 779 2413 mihi
763 2360 1060 2433 1mperium
1073 2356 1518 2433 populiRomani
1541 2358 1717 2414 mult&

259 2452 518 2526 maxume
536 2448 854 2509 miserabile
875 2453 1102 2508 visum
1109 2454 1253 2524 eui,
1280 2452 1409 2538 cum
1440 2453 1511 2507 ad
1543 2470 1717 2508 occa-

228 2567 233 2574 ¹
259 2562 380 2599 sum
403 2542 472 2599 ab
495 2555 622 2600 ortu
645 2544 781 2601 solis
799 2548 989 2602 omnia
1011 2544 1223 2601 domita
1246 2535 1413 2602 armis
1434 2557 1720 2622 patei-‚ent

258 2636 412 2691 domi
443 2639 622 2694 otium
652 2649 816 2722 atque
841 2625 1222 2715 divitiadjquae
1251 2642 1431 2716 prima
1456 2640 1717 2704 mortales

254 2741 455 2806 putant
471 2772 486 2799 ,
509 2731 849 2808 adfluerent,
870 2735 1023 2793 fuere
1047 2745 1231 2791 tamen
1257 2733 1527 2808 civcssqui
1547 2748 1715 2805 seque

1697 2903 1858 2984 f
